=LDR  02187cas a22005897i 4500
=001  020189864
=003  Uk
=005  20221114172013.0
=006  m\\\\\|\\d\|\\\\\\
=007  ta
=008  210512c20219999enkfr\p\\\\\\\0\\\a0eng\\
=FMT  \\$a  SE
=022  0\$a2752-6356$202
=040  \\$aUk$beng$cUk$erda
=042  \\$aissnuk
=082  04$a330.02854678$223
=222  \0$aJournal of internet and digital economics$b(Print)
=245  00$aJournal of internet and digital economics.
=246  13$aJIDE
=264  \1$aBingley :$bEmerald Publishing Limited
=310  \\$aSemiannual
=336  \\$atext$2rdacontent
=337  \\$aunmediated$2rdamedia
=338  \\$avolume$2rdacarrier
=362  0\$aVolume 1, issue 1 (2021)-
=540  \\$aCurrent Copyright Fee: zero$c25\0$5Uk
=710  2\$aZhong yang cai jing da xue.$bZhongguo hu lian wang jing ji yan jiu yuan.
=776  0\$iAlso issued online as:$tJournal of internet and digital economics$x2752-6364
=856  40$31850-9999$uhttp://www.emeraldinsight.com/$xBLDSS
=859  \\$aELD$bejournal
=979  \\$aBritish library$bDSC$j5007.693170N
=985  \\$aISSN UK Centre: ISSN completion based on print version PDF supplied by publisher.
=CAT  \\$a10973$b40$c20210512$lBLL01$h1254
=CAT  \\$aBATCH-CLA$b00$c20210917$lBLL01$h1601
=CAT  \\$aIPL-CLA$c20210930$lBLL01$h1659
=CAT  \\$a12654$b40$c20220217$lBLL01$h1419
=CAT  \\$a12654$b40$c20220217$lBLL01$h1422
=CAT  \\$a12654$b40$c20220217$lBLL01$h1424
=CAT  \\$aBATCH-UNOA$c20220223$lBLL01$h0019
=CAT  \\$aBLDSS-3PM$b00$c20220223$lBLL01$h0825
=CAT  \\$aBATCH-UPD$b00$c20220223$lBLL01$h0825
=CAT  \\$a10973$b40$c20220408$lBLL01$h1213
=CAT  \\$a8871$b40$c20220429$lBLL01$h1811
=CAT  \\$a3072$b40$c20221114$lBLL01$h1711
=CAT  \\$a3072$b40$c20221114$lBLL01$h1720
=CFI  0\$aCurrent Copyright Fee: zero$c25\0$e17-feb-2022$fGBP0.00$g0$hP$5Uk
=CFI  2\$aPrevious Copyright Fee: GBP25.00$c0$e01-oct-2021$fGBP25.00$g0$hC$5Uk
=FFP  \\$aY$bBLDSS-3PM
=FIN  \\$aY$d20220408
=LET  \0$aJournal of internet and digital economics (Print)
=UNO  \\$aY
=LAS  \\$a3072$b40$c20221114$lBLL01$h1720

