=LDR  02819cas a2200709 i 4500
=001  016546441
=003  Uk
=005  20211231154604.0
=007  ta
=008  131119d20122018ne\qr\p\\\\\\\0\\\a0eng\\
=FMT  \\$a  SE
=010  \\$a  2013205363
=022  \\$a2212-683X
=035  \\$a(OCoLC)ocn876736116
=040  \\$aDLC$beng$cDLC$dDLC$dUk$erda
=042  \\$apcc
=050  00$aQ334$b.B5265
=222  \0$aBiologically inspired cognitive architectures$b(Print)
=245  00$aBiologically inspired cognitive architectures.
=264  \1$aAmsterdam, The Netherlands :$bElsevier B.V
=310  \\$aQuarterly
=336  \\$atext$2rdacontent
=337  \\$aunmediated$2rdamedia
=338  \\$avolume$2rdacarrier
=362  1\$aBegan in 2012. Ceased in 2018.
=550  \\$aJournal officially affiliated with the BICA Society.
=588  \\$aDescription based on: Volume 4 (April 2013); title from title page.
=588  \\$aLatest issue consulted: Volume 5 (July 2013).
=590  \\$aRoute FAILED DSC EXTENDED searches to Records Team
=540  \\$aCurrent copyright fee: GBP34.30$c5\1$5Uk
=650  \0$aArtificial intelligence$vPeriodicals.
=650  \0$aBiologically-inspired computing$vPeriodicals.
=650  \0$aCognition$vPeriodicals.
=650  \0$aCognitive science$vPeriodicals.
=710  2\$aBICA Society,$eissuing body.
=776  08$iOnline version:$tBiologically inspired cognitive architectures$x2212-6848
=856  \\$31850-9999$uhttp://www.elsevier.com/journals$xBLDSS
=859  \\$aELD$bejournal
=945  \\$aBiologically inspired cognitive architectures
=979  \\$aBritish Library$bDSC$j2081.655000N
=985  \\$aOnline version merged with Cognitive systems research
=CAT  \\$a5552$b40$c20131119$lBLL01$h1115
=CAT  \\$a8456$b40$c20140828$lBLL01$h1240
=CAT  \\$aBLDSS-3PM$b00$c20141222$lBLL01$h1721
=CAT  \\$aBATCH-UPD$b00$c20160413$lBLL01$h1827
=CAT  \\$aBATCH-UPD$b00$c20160817$lBLL01$h1836
=CAT  \\$aBATCH-UPD$b00$c20171121$lBLL01$h1755
=CAT  \\$aIPL-CLA$c20171231$lBLL01$h1821
=CAT  \\$aBATCH-UPD$b00$c20190521$lBLL01$h1446
=CAT  \\$aIPL-CLA$c20190630$lBLL01$h1547
=CAT  \\$a14586$b40$c20190701$lBLL01$h0854
=CAT  \\$a8124$b40$c20201001$lBLL01$h1121
=CAT  \\$aBATCH-UPD$b40$c20211119$lBLL01$h1602
=CAT  \\$aIPL-CLA$c20211231$lBLL01$h1546
=CFI  0\$aCurrent copyright fee: GBP34.30$c5\1$e01-jan-2022$fGBP34.30$g0$hP$5Uk
=CFI  2\$aPrevious copyright fee: GBP32.84$c5\1$e01-jul-2019$fGBP32.84$g0$hP$5Uk
=FFP  \\$aY$bBLDSS-3PM
=SID  \\$aZ39$bLOC
=TOC  \\$aETOC
=ACF  \\$aPrevious copyright fee: GBP22.50$c5\1$e19-nov-2013$fGBP22.50$g0$hP$5Uk
=ACF  \\$aPrevious copyright fee: GBP23.40$c5\1$e01-jan-2018$fGBP23.40$g0$hP$5Uk
=LAS  \\$aIPL-CLA$b00$c20211231$lBLL01$h1546

